@article{kauppi2006diaretdb0,
  title={DIARETDB0: Evaluation database and methodology for diabetic retinopathy algorithms},
  author={Kauppi, Tomi and Kalesnykiene, Valentina and Kamarainen, Joni-Kristian and Lensu, Lasse and Sorri, Iiris and Uusitalo, Hannu and K{\"a}lvi{\"a}inen, Heikki and Pietil{\"a}, Juhani},
  journal={Machine Vision and Pattern Recognition Research Group, Lappeenranta University of Technology, Finland},
  volume={73},
  year={2006}
}

@inproceedings{kalviainen2007diaretdb1,
  title={DIARETDB1 diabetic retinopathy database and evaluation protocol},
  author={K{\"a}lvi{\"a}inen, RVJPH and Uusitalo, H},
  booktitle={Medical Image Understanding and Analysis},
  volume={2007},
  pages={61},
  year={2007},
  organization={Citeseer}
}

@article{decenciere_feedback_2014,
	title = {Feedback on a publicly distributed database: the Messidor database},
	volume = {33},
	copyright = {Copyright (c) 2014 Image Analysis \& Stereology},
	issn = {1854-5165},
	shorttitle = {Feedback on a publicly distributed database},
	url = {http://www.ias-iss.org/ojs/IAS/article/view/1155},
	doi = {10.5566/ias.1155},
	abstract = {The Messidor database, which contains hundreds of eye fundus images, has been publicly distributed since 2008. It was created by the Messidor project in order to evaluate automatic lesion segmentation and diabetic retinopathy grading methods. Designing, producing and maintaining such a database entails significant costs. By publicly sharing it, one hopes to bring a valuable resource to the public research community. However, the real interest and benefit of the research community is not easy to quantify. We analyse here the feedback on the Messidor database, after more than 6 years of diffusion. This analysis should apply to other similar research databases.},
	language = {en},
	number = {3},
	journal = {Image Analysis \& Stereology},
	author = {Decencière, Etienne and Zhang, Xiwei and Cazuguel, Guy and Lay, Bruno and Cochener, Béatrice and Trone, Caroline and Gain, Philippe and Ordonez, Richard and Massin, Pascale and Erginay, Ali and Charton, Béatrice and Klein, Jean-Claude},
	month = aug,
	year = {2014},
	keywords = {Diabetic Retinopathy, image database, Image Processing, Messidor},
	pages = {231--234},
}

@misc{kaggle_data,
  title = {Kaggle datasets: Diabetic Retinopathy Detection},
  url = {https://www.kaggle.com/c/diabetic-retinopathy-detection/data},
  note = {Accessed: 2016-10-05}
}

@article{sinthanayothin2002automated,
  title={Automated detection of diabetic retinopathy on digital fundus images},
  author={Sinthanayothin, Chanjira and Boyce, James F and Williamson, Tom H and Cook, Helen L and Mensah, Evelyn and Lal, Shantanu and Usher, David},
  journal={Diabetic medicine},
  volume={19},
  number={2},
  pages={105--112},
  year={2002},
  publisher={Wiley Online Library}
}

@inproceedings{jaafar2010detection,
  title={Detection of exudates in retinal images using a pure splitting technique},
  author={Jaafar, Hussain F and Nandi, Asoke K and Al-Nuaimy, Waleed},
  booktitle={Engineering in Medicine and Biology Society (EMBC), 2010 Annual International Conference of the IEEE},
  pages={6745--6748},
  year={2010},
  organization={IEEE}
}

@article{sanchez2008novel,
  title={A novel automatic image processing algorithm for detection of hard exudates based on retinal image analysis},
  author={S{\'a}nchez, Clara I and Hornero, Roberto and L{\'o}pez, Mar{\'\i}a I and Aboy, Mateo and Poza, Jes{\'u}s and Ab{\'a}solo, Daniel},
  journal={Medical Engineering \& Physics},
  volume={30},
  number={3},
  pages={350--357},
  year={2008},
  publisher={Elsevier}
}

@article{zhang2014exudate,
  title={Exudate detection in color retinal images for mass screening of diabetic retinopathy},
  author={Zhang, Xiwei and Thibault, Guillaume and Decenci{\`e}re, Etienne and Marcotegui, Beatriz and La{\"y}, Bruno and Danno, Ronan and Cazuguel, Guy and Quellec, Gw{\'e}nol{\'e} and Lamard, Mathieu and Massin, Pascale and others},
  journal={Medical image analysis},
  volume={18},
  number={7},
  pages={1026--1043},
  year={2014},
  publisher={Elsevier}
}

@article{sopharak2008automatic,
  title={Automatic detection of diabetic retinopathy exudates from non-dilated retinal images using mathematical morphology methods},
  author={Sopharak, Akara and Uyyanonvara, Bunyarit and Barman, Sarah and Williamson, Thomas H},
  journal={Computerized medical imaging and graphics},
  volume={32},
  number={8},
  pages={720--727},
  year={2008},
  publisher={Elsevier}
}

@article{osareh2009computational,
  title={A computational-intelligence-based approach for detection of exudates in diabetic retinopathy images},
  author={Osareh, Alireza and Shadgar, Bita and Markham, Richard},
  journal={IEEE Transactions on Information Technology in Biomedicine},
  volume={13},
  number={4},
  pages={535--545},
  year={2009},
  publisher={IEEE}
}

@article{garcia2009neural,
  title={Neural network based detection of hard exudates in retinal images},
  author={Garc{\'\i}a, Mar{\'\i}a and S{\'a}nchez, Clara I and L{\'o}pez, Mar{\'\i}a I and Ab{\'a}solo, Daniel and Hornero, Roberto},
  journal={Computer Methods and programs in biomedicine},
  volume={93},
  number={1},
  pages={9--19},
  year={2009},
  publisher={Elsevier}
}

@article{fleming2007automated,
  title={Automated detection of exudates for diabetic retinopathy screening},
  author={Fleming, Alan D and Philip, Sam and Goatman, Keith A and Williams, Graeme J and Olson, John A and Sharp, Peter F},
  journal={Physics in Medicine \& Biology},
  volume={52},
  number={24},
  pages={7385},
  year={2007},
  publisher={IOP Publishing}
}

@article{niemeijer2007automated,
  title={Automated detection and differentiation of drusen, exudates, and cotton-wool spots in digital color fundus photographs for diabetic retinopathy diagnosis},
  author={Niemeijer, Meindert and van Ginneken, Bram and Russell, Stephen R and Suttorp-Schulten, Maria SA and Abramoff, Michael D},
  journal={Investigative ophthalmology \& visual science},
  volume={48},
  number={5},
  pages={2260--2267},
  year={2007},
  publisher={The Association for Research in Vision and Ophthalmology}
}

@article{fleming2006automated,
  title={Automated microaneurysm detection using local contrast normalization and local vessel detection},
  author={Fleming, Alan D and Philip, Sam and Goatman, Keith A and Olson, John A and Sharp, Peter F},
  journal={IEEE transactions on medical imaging},
  volume={25},
  number={9},
  pages={1223--1232},
  year={2006},
  publisher={IEEE}
}

@inproceedings{inoue2013automated,
  title={Automated microaneurysm detection method based on eigenvalue analysis using hessian matrix in retinal fundus images},
  author={Inoue, Tsuyoshi and Hatanaka, Yuji and Okumura, Susumu and Muramatsu, Chisako and Fujita, Hiroshi},
  booktitle={Engineering in Medicine and Biology Society (EMBC), 2013 35th Annual International Conference of the IEEE},
  pages={5873--5876},
  year={2013},
  organization={IEEE}
}

@inproceedings{jaafar2011automated,
  title={Automated detection of red lesions from digital colour fundus photographs},
  author={Jaafar, Hussain F and Nandi, Asoke K and Al-Nuaimy, Waleed},
  booktitle={Engineering in Medicine and Biology Society, EMBC, 2011 Annual International Conference of the IEEE},
  pages={6232--6235},
  year={2011},
  organization={IEEE}
}

@article{zhang2010detection,
  title={Detection of microaneurysms using multi-scale correlation coefficients},
  author={Zhang, Bob and Wu, Xiangqian and You, Jane and Li, Qin and Karray, Fakhri},
  journal={Pattern Recognition},
  volume={43},
  number={6},
  pages={2237--2248},
  year={2010},
  publisher={Elsevier}
}

@article{walter2007automatic,
  title={Automatic detection of microaneurysms in color fundus images},
  author={Walter, Thomas and Massin, Pascale and Erginay, Ali and Ordonez, Richard and Jeulin, Clotilde and Klein, Jean-Claude},
  journal={Medical image analysis},
  volume={11},
  number={6},
  pages={555--566},
  year={2007},
  publisher={Elsevier}
}

@article{quellec2008optimal,
  title={Optimal wavelet transform for the detection of microaneurysms in retina photographs.},
  author={Quellec, Gw{\'e}nol{\'e} and Lamard, Mathieu and Josselin, Pierre Marie and Cazuguel, Guy and Cochener, B{\'e}atrice and Roux, Christian},
  journal={IEEE Transactions on Medical Imaging},
  volume={27},
  number={9},
  pages={1230--41},
  year={2008}
}

@article{lazar2013retinal,
  title={Retinal microaneurysm detection through local rotating cross-section profile analysis},
  author={Lazar, Istvan and Hajdu, Andras},
  journal={IEEE transactions on medical imaging},
  volume={32},
  number={2},
  pages={400--407},
  year={2013},
  publisher={IEEE}
}

@article{garcia2010assessment,
  title={Assessment of four neural network based classifiers to automatically detect red lesions in retinal images},
  author={Garc{\'\i}a, Mar{\'\i}a and L{\'o}pez, Mar{\'\i}a I and {\'A}lvarez, Daniel and Hornero, Roberto},
  journal={Medical engineering \& physics},
  volume={32},
  number={10},
  pages={1085--1093},
  year={2010},
  publisher={Elsevier}
}

@inproceedings{sanchez2009mixture,
  title={Mixture model-based clustering and logistic regression for automatic detection of microaneurysms in retinal images},
  author={S{\'a}nchez, Clara I and Hornero, Roberto and Mayo, Agust{\'\i}n and Garc{\'\i}a, Mar{\'\i}a},
  booktitle={Medical Imaging 2009: Computer-Aided Diagnosis},
  volume={7260},
  pages={72601M},
  year={2009},
  organization={International Society for Optics and Photonics}
}

@inproceedings{mizutani2009automated,
  title={Automated microaneurysm detection method based on double ring filter in retinal fundus images},
  author={Mizutani, Atsushi and Muramatsu, Chisako and Hatanaka, Yuji and Suemori, Shinsuke and Hara, Takeshi and Fujita, Hiroshi},
  booktitle={Medical Imaging 2009: Computer-Aided Diagnosis},
  volume={7260},
  pages={72601N},
  year={2009},
  organization={International Society for Optics and Photonics}
}

@article{niemeijer2005automatic,
  title={Automatic detection of red lesions in digital color fundus photographs},
  author={Niemeijer, Meindert and Van Ginneken, Bram and Staal, Joes and Suttorp-Schulten, Maria SA and Abr{\`a}moff, Michael D},
  journal={IEEE Transactions on medical imaging},
  volume={24},
  number={5},
  pages={584--592},
  year={2005},
  publisher={IEEE}
}

@article{gulshan2016development,
  title={Development and validation of a deep learning algorithm for detection of diabetic retinopathy in retinal fundus photographs},
  author={Gulshan, Varun and Peng, Lily and Coram, Marc and Stumpe, Martin C and Wu, Derek and Narayanaswamy, Arunachalam and Venugopalan, Subhashini and Widner, Kasumi and Madams, Tom and Cuadros, Jorge and others},
  journal={Jama},
  volume={316},
  number={22},
  pages={2402--2410},
  year={2016},
  publisher={American Medical Association}
}

@article{abramoff2016improved,
  title={Improved automated detection of diabetic retinopathy on a publicly available dataset through integration of deep learning},
  author={Abr{\`a}moff, Michael David and Lou, Yiyue and Erginay, Ali and Clarida, Warren and Amelon, Ryan and Folk, James C and Niemeijer, Meindert},
  journal={Investigative ophthalmology \& visual science},
  volume={57},
  number={13},
  pages={5200--5206},
  year={2016},
  publisher={The Association for Research in Vision and Ophthalmology}
}

@article{van2016fast,
  title={Fast convolutional neural network training using selective data sampling: application to hemorrhage detection in color fundus images},
  author={van Grinsven, Mark JJP and van Ginneken, Bram and Hoyng, Carel B and Theelen, Thomas and S{\'a}nchez, Clara I},
  journal={IEEE transactions on medical imaging},
  volume={35},
  number={5},
  pages={1273--1284},
  year={2016},
  publisher={IEEE}
}

@article{pratt2016convolutional,
  title={Convolutional neural networks for diabetic retinopathy},
  author={Pratt, Harry and Coenen, Frans and Broadbent, Deborah M and Harding, Simon P and Zheng, Yalin},
  journal={Procedia Computer Science},
  volume={90},
  pages={200--205},
  year={2016},
  publisher={Elsevier}
}

@article{haloi2015improved,
  title={Improved microaneurysm detection using deep neural networks},
  author={Haloi, Mrinal},
  journal={arXiv preprint arXiv:1505.04424},
  year={2015}
}

@article{gargeya2017automated,
  title={Automated identification of diabetic retinopathy using deep learning},
  author={Gargeya, Rishab and Leng, Theodore},
  journal={Ophthalmology},
  volume={124},
  number={7},
  pages={962--969},
  year={2017},
  publisher={Elsevier}
}